 @misc{sila,
  title   = {Sila Rapid Integration},
  url     = {https://sila-standard.com/},
  journal = {SiLA Rapid Integration}
}

  @misc{mtp,
  url   = {https://www.chemicalprocessing.com/automation/control-systems/article/11290055/module-type-package-mtp-accelerates-automation-integration},
  title = {Module type package (MTP) Accelerates Automation Integration}
}

@misc{smart,
  url     = {https://www.mindtools.com/a4wo118/smart-goals?from=shared-link},
  journal = {SMART Goals},
  title   = {How to Make Your Goals Achievable}
}

@misc{rs-232,
  title     = {RS-232},
  url       = {https://en.wikipedia.org/wiki/RS-232},
  journal   = {Wikipedia},
  publisher = {Wikimedia Foundation},
  year      = {2023},
  month     = {Mar}
}

 @misc{analog,
  url   = {https://ww2.ac-poitiers.fr/electrotechnique/IMG/pdf/CAN_CNA.pdf},
  title = {Principe d'un capteur et nature de l'information}
}

 @misc{opc,
  title   = {What is OPC?},
  url     = {https://opcfoundation.org/about/what-is-opc/},
  journal = {OPC Foundation},
  year    = {2017},
  month   = {Jun}
}

 @misc{juchli_2021,
  url     = {https://analyticalscience.wiley.com/do/10.1002/was.00050276},
  journal = {Standardization in LAB automation (SILA) - wiley analytical science},
  author  = {Juchli, Daniel},
  year    = {2021},
  month   = {Oct}
}

 @misc{flutter,
  title   = {Build apps for any screen},
  url     = {https://flutter.dev/},
  journal = {Flutter}
}

 @misc{open62541_2023,
  title   = {Open62541},
  url     = {https://www.open62541.org/},
  journal = {open62541},
  author  = {open62541},
  year    = {2023},
  month   = {Feb}
}

 @misc{pi4,
  title   = {Buy A raspberry pi 4 model B},
  url     = {https://www.raspberrypi.com/products/raspberry-pi-4-model-b/},
  journal = {Raspberry Pi},
  author  = {Raspberry Pi}
}

 @misc{ncdio_2022,
  title   = {Raspberry pi 4-20ma current loop receiver},
  url     = {https://ncd.io/raspberry-pi-4-20ma-current-loop-reciver/},
  journal = {ncd.io},
  year    = {2022},
  month   = {Sep}
}

 @misc{rtos_2023,
  title     = {Real-time operating system},
  url       = {https://en.wikipedia.org/wiki/Real-time_operating_system},
  journal   = {Wikipedia},
  publisher = {Wikimedia Foundation},
  year      = {2023},
  month     = {Feb}
}

 @misc{tinygo,
  title   = {TinyGo home},
  url     = {https://tinygo.org/},
  journal = {TinyGo}
}

 @misc{go,
  title   = {Build simple, secure, scalable systems with go},
  url     = {https://go.dev/},
  journal = {Go}
}

 @misc{micropython,
  title   = {MicroPython},
  url     = {https://micropython.org/},
  journal = {Python for microcontrollers}
}

 @misc{raspberryPi4,
  title   = {Buy A raspberry pi 4 model B},
  url     = {https://www.raspberrypi.com/products/raspberry-pi-4-model-b/},
  journal = {Raspberry Pi},
  author  = {Raspberry Pi}
}

 @misc{mikroe-420ma,
  title   = {4-20mA T 2 click},
  url     = {https://www.mikroe.com/4-20ma-t-2-click},
  journal = {MIKROE}
}
 @misc{mikroe-15v,
  title   = {ADC 8 Click},
  url     = {https://www.mikroe.com/adc-8-click},
  journal = {MIKROE}
}
 @misc{mikroe-rs232,
  title   = {RS232 3 Click},
  url     = {https://www.mikroe.com/rs232-3-click},
  journal = {MIKROE}
}
 @misc{mikroe-shield,
  title   = {Pi 4 Click Shield},
  url     = {https://www.mikroe.com/pi-4-click-shield},
  journal = {MIKROE}
}

 @misc{pi-shop,
  title   = {Original Power over ethernet (poe) hat f√ºr 3B+ and 4B (v3.0)},
  url     = {https://www.pi-shop.ch/power-over-ethernet-poe-hat-for-raspberry-pi-3-model-b},
  journal = {Pi}
}

@misc{ads1x15,
  title   = {Hallgrimur1471/adafruit ads1x15 rpi: Driver for TI's ADS1015: 12-bit differential or single-ended ADC with PGA and Comparator},
  url     = {https://github.com/hallgrimur1471/Adafruit_ADS1X15_RPi},
  journal = {GitHub},
  author  = {hallgrimur1471}
}
@misc{spi,
  url       = {https://en.wikipedia.org/wiki/Serial_Peripheral_Interface},
  journal   = {Wikipedia},
  publisher = {Wikimedia Foundation},
  year      = {2023},
  month     = {Apr}
}
@misc{i2c,
  url       = {https://en.wikipedia.org/wiki/I%C2%B2C},
  journal   = {Wikipedia},
  publisher = {Wikimedia Foundation},
  year      = {2023},
  month     = {May}
}
@misc{WiringPi,
  title   = {WIRINGPI/Wiringpi: Gordon's Arduino wiring-like WiringPi library for the Raspberry Pi (unofficial mirror for WiringPi bindings)},
  url     = {https://github.com/WiringPi/WiringPi},
  journal = {GitHub},
  author  = {WiringPi}
}
